%YAML 1.1
%TAG !u! tag:unity3d.com,2011:
--- !u!1 &7640828935351563140
GameObject:
  m_ObjectHideFlags: 0
  m_CorrespondingSourceObject: {fileID: 0}
  m_PrefabInstance: {fileID: 0}
  m_PrefabAsset: {fileID: 0}
  serializedVersion: 6
  m_Component:
  - component: {fileID: 6444327419075311141}
  m_Layer: 0
  m_Name: L2S2
  m_TagString: Untagged
  m_Icon: {fileID: 0}
  m_NavMeshLayer: 0
  m_StaticEditorFlags: 0
  m_IsActive: 1
--- !u!4 &6444327419075311141
Transform:
  m_ObjectHideFlags: 0
  m_CorrespondingSourceObject: {fileID: 0}
  m_PrefabInstance: {fileID: 0}
  m_PrefabAsset: {fileID: 0}
  m_GameObject: {fileID: 7640828935351563140}
  m_LocalRotation: {x: 0, y: 0, z: 0, w: 1}
  m_LocalPosition: {x: 0, y: 0, z: 0}
  m_LocalScale: {x: 1, y: 1, z: 1}
  m_Children:
  - {fileID: 2760338823657949602}
  - {fileID: 1530566577439227119}
  - {fileID: 7822865780295710836}
  - {fileID: 7596953227865746284}
  - {fileID: 1618626573159338069}
  - {fileID: 1719662440250778162}
  - {fileID: 3002367184962249238}
  - {fileID: 8498932568137744661}
  - {fileID: 7601193214703629584}
  - {fileID: 2213383569604479930}
  - {fileID: 1323196085542998318}
  - {fileID: 7604663985025527314}
  - {fileID: 6957706364864565702}
  - {fileID: 6645780166348447306}
  m_Father: {fileID: 0}
  m_RootOrder: 0
  m_LocalEulerAnglesHint: {x: 0, y: 0, z: 0}
--- !u!1001 &2076400751087290835
PrefabInstance:
  m_ObjectHideFlags: 0
  serializedVersion: 2
  m_Modification:
    m_TransformParent: {fileID: 6444327419075311141}
    m_Modifications:
    - target: {fileID: 4677646420744902533, guid: 92a936b217c464a4ca3da0075cd7cf4a,
        type: 3}
      propertyPath: m_Name
      value: LoseCube (5)
      objectReference: {fileID: 0}
    - target: {fileID: 4677646420744902553, guid: 92a936b217c464a4ca3da0075cd7cf4a,
        type: 3}
      propertyPath: m_LocalPosition.x
      value: 0.11
      objectReference: {fileID: 0}
    - target: {fileID: 4677646420744902553, guid: 92a936b217c464a4ca3da0075cd7cf4a,
        type: 3}
      propertyPath: m_LocalPosition.y
      value: 0.75
      objectReference: {fileID: 0}
    - target: {fileID: 4677646420744902553, guid: 92a936b217c464a4ca3da0075cd7cf4a,
        type: 3}
      propertyPath: m_LocalPosition.z
      value: -8.73
      objectReference: {fileID: 0}
    - target: {fileID: 4677646420744902553, guid: 92a936b217c464a4ca3da0075cd7cf4a,
        type: 3}
      propertyPath: m_LocalRotation.x
      value: -0
      objectReference: {fileID: 0}
    - target: {fileID: 4677646420744902553, guid: 92a936b217c464a4ca3da0075cd7cf4a,
        type: 3}
      propertyPath: m_LocalRotation.y
      value: -0
      objectReference: {fileID: 0}
    - target: {fileID: 4677646420744902553, guid: 92a936b217c464a4ca3da0075cd7cf4a,
        type: 3}
      propertyPath: m_LocalRotation.z
      value: -0
      objectReference: {fileID: 0}
    - target: {fileID: 4677646420744902553, guid: 92a936b217c464a4ca3da0075cd7cf4a,
        type: 3}
      propertyPath: m_LocalRotation.w
      value: 1
      objectReference: {fileID: 0}
    - target: {fileID: 4677646420744902553, guid: 92a936b217c464a4ca3da0075cd7cf4a,
        type: 3}
      propertyPath: m_RootOrder
      value: 13
      objectReference: {fileID: 0}
    - target: {fileID: 4677646420744902553, guid: 92a936b217c464a4ca3da0075cd7cf4a,
        type: 3}
      propertyPath: m_LocalEulerAnglesHint.x
      value: 0
      objectReference: {fileID: 0}
    - target: {fileID: 4677646420744902553, guid: 92a936b217c464a4ca3da0075cd7cf4a,
        type: 3}
      propertyPath: m_LocalEulerAnglesHint.y
      value: 0
      objectReference: {fileID: 0}
    - target: {fileID: 4677646420744902553, guid: 92a936b217c464a4ca3da0075cd7cf4a,
        type: 3}
      propertyPath: m_LocalEulerAnglesHint.z
      value: 0
      objectReference: {fileID: 0}
    - target: {fileID: 4677646420744902553, guid: 92a936b217c464a4ca3da0075cd7cf4a,
        type: 3}
      propertyPath: m_LocalScale.x
      value: 2
      objectReference: {fileID: 0}
    - target: {fileID: 4677646420744902553, guid: 92a936b217c464a4ca3da0075cd7cf4a,
        type: 3}
      propertyPath: m_LocalScale.z
      value: 2
      objectReference: {fileID: 0}
    m_RemovedComponents: []
  m_SourcePrefab: {fileID: 100100000, guid: 92a936b217c464a4ca3da0075cd7cf4a, type: 3}
--- !u!4 &6645780166348447306 stripped
Transform:
  m_CorrespondingSourceObject: {fileID: 4677646420744902553, guid: 92a936b217c464a4ca3da0075cd7cf4a,
    type: 3}
  m_PrefabInstance: {fileID: 2076400751087290835}
  m_PrefabAsset: {fileID: 0}
--- !u!1001 &2334249655083894367
PrefabInstance:
  m_ObjectHideFlags: 0
  serializedVersion: 2
  m_Modification:
    m_TransformParent: {fileID: 6444327419075311141}
    m_Modifications:
    - target: {fileID: 4677646420744902533, guid: 92a936b217c464a4ca3da0075cd7cf4a,
        type: 3}
      propertyPath: m_Name
      value: LoseCube (4)
      objectReference: {fileID: 0}
    - target: {fileID: 4677646420744902553, guid: 92a936b217c464a4ca3da0075cd7cf4a,
        type: 3}
      propertyPath: m_LocalPosition.x
      value: 3.75
      objectReference: {fileID: 0}
    - target: {fileID: 4677646420744902553, guid: 92a936b217c464a4ca3da0075cd7cf4a,
        type: 3}
      propertyPath: m_LocalPosition.y
      value: 2
      objectReference: {fileID: 0}
    - target: {fileID: 4677646420744902553, guid: 92a936b217c464a4ca3da0075cd7cf4a,
        type: 3}
      propertyPath: m_LocalPosition.z
      value: 3.2
      objectReference: {fileID: 0}
    - target: {fileID: 4677646420744902553, guid: 92a936b217c464a4ca3da0075cd7cf4a,
        type: 3}
      propertyPath: m_LocalRotation.x
      value: -0
      objectReference: {fileID: 0}
    - target: {fileID: 4677646420744902553, guid: 92a936b217c464a4ca3da0075cd7cf4a,
        type: 3}
      propertyPath: m_LocalRotation.y
      value: -0
      objectReference: {fileID: 0}
    - target: {fileID: 4677646420744902553, guid: 92a936b217c464a4ca3da0075cd7cf4a,
        type: 3}
      propertyPath: m_LocalRotation.z
      value: -0
      objectReference: {fileID: 0}
    - target: {fileID: 4677646420744902553, guid: 92a936b217c464a4ca3da0075cd7cf4a,
        type: 3}
      propertyPath: m_LocalRotation.w
      value: 1
      objectReference: {fileID: 0}
    - target: {fileID: 4677646420744902553, guid: 92a936b217c464a4ca3da0075cd7cf4a,
        type: 3}
      propertyPath: m_RootOrder
      value: 12
      objectReference: {fileID: 0}
    - target: {fileID: 4677646420744902553, guid: 92a936b217c464a4ca3da0075cd7cf4a,
        type: 3}
      propertyPath: m_LocalEulerAnglesHint.x
      value: 0
      objectReference: {fileID: 0}
    - target: {fileID: 4677646420744902553, guid: 92a936b217c464a4ca3da0075cd7cf4a,
        type: 3}
      propertyPath: m_LocalEulerAnglesHint.y
      value: 0
      objectReference: {fileID: 0}
    - target: {fileID: 4677646420744902553, guid: 92a936b217c464a4ca3da0075cd7cf4a,
        type: 3}
      propertyPath: m_LocalEulerAnglesHint.z
      value: 0
      objectReference: {fileID: 0}
    - target: {fileID: 4677646420744902553, guid: 92a936b217c464a4ca3da0075cd7cf4a,
        type: 3}
      propertyPath: m_LocalScale.x
      value: 1.5
      objectReference: {fileID: 0}
    - target: {fileID: 4677646420744902553, guid: 92a936b217c464a4ca3da0075cd7cf4a,
        type: 3}
      propertyPath: m_LocalScale.z
      value: 1.5
      objectReference: {fileID: 0}
    - target: {fileID: 4677646420744902553, guid: 92a936b217c464a4ca3da0075cd7cf4a,
        type: 3}
      propertyPath: m_LocalScale.y
      value: 4
      objectReference: {fileID: 0}
    m_RemovedComponents: []
  m_SourcePrefab: {fileID: 100100000, guid: 92a936b217c464a4ca3da0075cd7cf4a, type: 3}
--- !u!4 &6957706364864565702 stripped
Transform:
  m_CorrespondingSourceObject: {fileID: 4677646420744902553, guid: 92a936b217c464a4ca3da0075cd7cf4a,
    type: 3}
  m_PrefabInstance: {fileID: 2334249655083894367}
  m_PrefabAsset: {fileID: 0}
--- !u!1001 &2982340870793574795
PrefabInstance:
  m_ObjectHideFlags: 0
  serializedVersion: 2
  m_Modification:
    m_TransformParent: {fileID: 6444327419075311141}
    m_Modifications:
    - target: {fileID: 4677646420744902533, guid: 92a936b217c464a4ca3da0075cd7cf4a,
        type: 3}
      propertyPath: m_Name
      value: LoseCube (3)
      objectReference: {fileID: 0}
    - target: {fileID: 4677646420744902553, guid: 92a936b217c464a4ca3da0075cd7cf4a,
        type: 3}
      propertyPath: m_LocalPosition.x
      value: -3.75
      objectReference: {fileID: 0}
    - target: {fileID: 4677646420744902553, guid: 92a936b217c464a4ca3da0075cd7cf4a,
        type: 3}
      propertyPath: m_LocalPosition.y
      value: 2
      objectReference: {fileID: 0}
    - target: {fileID: 4677646420744902553, guid: 92a936b217c464a4ca3da0075cd7cf4a,
        type: 3}
      propertyPath: m_LocalPosition.z
      value: 3.2
      objectReference: {fileID: 0}
    - target: {fileID: 4677646420744902553, guid: 92a936b217c464a4ca3da0075cd7cf4a,
        type: 3}
      propertyPath: m_LocalRotation.x
      value: -0
      objectReference: {fileID: 0}
    - target: {fileID: 4677646420744902553, guid: 92a936b217c464a4ca3da0075cd7cf4a,
        type: 3}
      propertyPath: m_LocalRotation.y
      value: -0
      objectReference: {fileID: 0}
    - target: {fileID: 4677646420744902553, guid: 92a936b217c464a4ca3da0075cd7cf4a,
        type: 3}
      propertyPath: m_LocalRotation.z
      value: -0
      objectReference: {fileID: 0}
    - target: {fileID: 4677646420744902553, guid: 92a936b217c464a4ca3da0075cd7cf4a,
        type: 3}
      propertyPath: m_LocalRotation.w
      value: 1
      objectReference: {fileID: 0}
    - target: {fileID: 4677646420744902553, guid: 92a936b217c464a4ca3da0075cd7cf4a,
        type: 3}
      propertyPath: m_RootOrder
      value: 11
      objectReference: {fileID: 0}
    - target: {fileID: 4677646420744902553, guid: 92a936b217c464a4ca3da0075cd7cf4a,
        type: 3}
      propertyPath: m_LocalEulerAnglesHint.x
      value: 0
      objectReference: {fileID: 0}
    - target: {fileID: 4677646420744902553, guid: 92a936b217c464a4ca3da0075cd7cf4a,
        type: 3}
      propertyPath: m_LocalEulerAnglesHint.y
      value: 0
      objectReference: {fileID: 0}
    - target: {fileID: 4677646420744902553, guid: 92a936b217c464a4ca3da0075cd7cf4a,
        type: 3}
      propertyPath: m_LocalEulerAnglesHint.z
      value: 0
      objectReference: {fileID: 0}
    - target: {fileID: 4677646420744902553, guid: 92a936b217c464a4ca3da0075cd7cf4a,
        type: 3}
      propertyPath: m_LocalScale.x
      value: 1.5
      objectReference: {fileID: 0}
    - target: {fileID: 4677646420744902553, guid: 92a936b217c464a4ca3da0075cd7cf4a,
        type: 3}
      propertyPath: m_LocalScale.z
      value: 1.5
      objectReference: {fileID: 0}
    - target: {fileID: 4677646420744902553, guid: 92a936b217c464a4ca3da0075cd7cf4a,
        type: 3}
      propertyPath: m_LocalScale.y
      value: 4
      objectReference: {fileID: 0}
    m_RemovedComponents: []
  m_SourcePrefab: {fileID: 100100000, guid: 92a936b217c464a4ca3da0075cd7cf4a, type: 3}
--- !u!4 &7604663985025527314 stripped
Transform:
  m_CorrespondingSourceObject: {fileID: 4677646420744902553, guid: 92a936b217c464a4ca3da0075cd7cf4a,
    type: 3}
  m_PrefabInstance: {fileID: 2982340870793574795}
  m_PrefabAsset: {fileID: 0}
--- !u!1001 &3312179177297966059
PrefabInstance:
  m_ObjectHideFlags: 0
  serializedVersion: 2
  m_Modification:
    m_TransformParent: {fileID: 6444327419075311141}
    m_Modifications:
    - target: {fileID: 2491353189026878990, guid: fbd6482b7b120ce4bbc1040a1a04524d,
        type: 3}
      propertyPath: m_Name
      value: Cube (6)
      objectReference: {fileID: 0}
    - target: {fileID: 6342615621235323646, guid: fbd6482b7b120ce4bbc1040a1a04524d,
        type: 3}
      propertyPath: m_LocalPosition.x
      value: 4.922327
      objectReference: {fileID: 0}
    - target: {fileID: 6342615621235323646, guid: fbd6482b7b120ce4bbc1040a1a04524d,
        type: 3}
      propertyPath: m_LocalPosition.y
      value: 2.5
      objectReference: {fileID: 0}
    - target: {fileID: 6342615621235323646, guid: fbd6482b7b120ce4bbc1040a1a04524d,
        type: 3}
      propertyPath: m_LocalPosition.z
      value: 7.188423
      objectReference: {fileID: 0}
    - target: {fileID: 6342615621235323646, guid: fbd6482b7b120ce4bbc1040a1a04524d,
        type: 3}
      propertyPath: m_LocalRotation.x
      value: 0
      objectReference: {fileID: 0}
    - target: {fileID: 6342615621235323646, guid: fbd6482b7b120ce4bbc1040a1a04524d,
        type: 3}
      propertyPath: m_LocalRotation.y
      value: 1
      objectReference: {fileID: 0}
    - target: {fileID: 6342615621235323646, guid: fbd6482b7b120ce4bbc1040a1a04524d,
        type: 3}
      propertyPath: m_LocalRotation.z
      value: 0
      objectReference: {fileID: 0}
    - target: {fileID: 6342615621235323646, guid: fbd6482b7b120ce4bbc1040a1a04524d,
        type: 3}
      propertyPath: m_LocalRotation.w
      value: 0
      objectReference: {fileID: 0}
    - target: {fileID: 6342615621235323646, guid: fbd6482b7b120ce4bbc1040a1a04524d,
        type: 3}
      propertyPath: m_RootOrder
      value: 7
      objectReference: {fileID: 0}
    - target: {fileID: 6342615621235323646, guid: fbd6482b7b120ce4bbc1040a1a04524d,
        type: 3}
      propertyPath: m_LocalEulerAnglesHint.x
      value: 0
      objectReference: {fileID: 0}
    - target: {fileID: 6342615621235323646, guid: fbd6482b7b120ce4bbc1040a1a04524d,
        type: 3}
      propertyPath: m_LocalEulerAnglesHint.y
      value: 180
      objectReference: {fileID: 0}
    - target: {fileID: 6342615621235323646, guid: fbd6482b7b120ce4bbc1040a1a04524d,
        type: 3}
      propertyPath: m_LocalEulerAnglesHint.z
      value: 0
      objectReference: {fileID: 0}
    - target: {fileID: 6342615621235323646, guid: fbd6482b7b120ce4bbc1040a1a04524d,
        type: 3}
      propertyPath: m_LocalScale.y
      value: 5
      objectReference: {fileID: 0}
    m_RemovedComponents: []
  m_SourcePrefab: {fileID: 100100000, guid: fbd6482b7b120ce4bbc1040a1a04524d, type: 3}
--- !u!4 &8498932568137744661 stripped
Transform:
  m_CorrespondingSourceObject: {fileID: 6342615621235323646, guid: fbd6482b7b120ce4bbc1040a1a04524d,
    type: 3}
  m_PrefabInstance: {fileID: 3312179177297966059}
  m_PrefabAsset: {fileID: 0}
--- !u!1001 &3560293384522488210
PrefabInstance:
  m_ObjectHideFlags: 0
  serializedVersion: 2
  m_Modification:
    m_TransformParent: {fileID: 6444327419075311141}
    m_Modifications:
    - target: {fileID: 2491353189026878990, guid: fbd6482b7b120ce4bbc1040a1a04524d,
        type: 3}
      propertyPath: m_Name
      value: Cube (2)
      objectReference: {fileID: 0}
    - target: {fileID: 6342615621235323646, guid: fbd6482b7b120ce4bbc1040a1a04524d,
        type: 3}
      propertyPath: m_LocalPosition.x
      value: -4.95
      objectReference: {fileID: 0}
    - target: {fileID: 6342615621235323646, guid: fbd6482b7b120ce4bbc1040a1a04524d,
        type: 3}
      propertyPath: m_LocalPosition.y
      value: 2.5
      objectReference: {fileID: 0}
    - target: {fileID: 6342615621235323646, guid: fbd6482b7b120ce4bbc1040a1a04524d,
        type: 3}
      propertyPath: m_LocalPosition.z
      value: -1.08
      objectReference: {fileID: 0}
    - target: {fileID: 6342615621235323646, guid: fbd6482b7b120ce4bbc1040a1a04524d,
        type: 3}
      propertyPath: m_LocalRotation.x
      value: -0
      objectReference: {fileID: 0}
    - target: {fileID: 6342615621235323646, guid: fbd6482b7b120ce4bbc1040a1a04524d,
        type: 3}
      propertyPath: m_LocalRotation.y
      value: -0
      objectReference: {fileID: 0}
    - target: {fileID: 6342615621235323646, guid: fbd6482b7b120ce4bbc1040a1a04524d,
        type: 3}
      propertyPath: m_LocalRotation.z
      value: -0
      objectReference: {fileID: 0}
    - target: {fileID: 6342615621235323646, guid: fbd6482b7b120ce4bbc1040a1a04524d,
        type: 3}
      propertyPath: m_LocalRotation.w
      value: 1
      objectReference: {fileID: 0}
    - target: {fileID: 6342615621235323646, guid: fbd6482b7b120ce4bbc1040a1a04524d,
        type: 3}
      propertyPath: m_RootOrder
      value: 3
      objectReference: {fileID: 0}
    - target: {fileID: 6342615621235323646, guid: fbd6482b7b120ce4bbc1040a1a04524d,
        type: 3}
      propertyPath: m_LocalEulerAnglesHint.x
      value: 0
      objectReference: {fileID: 0}
    - target: {fileID: 6342615621235323646, guid: fbd6482b7b120ce4bbc1040a1a04524d,
        type: 3}
      propertyPath: m_LocalEulerAnglesHint.y
      value: 0
      objectReference: {fileID: 0}
    - target: {fileID: 6342615621235323646, guid: fbd6482b7b120ce4bbc1040a1a04524d,
        type: 3}
      propertyPath: m_LocalEulerAnglesHint.z
      value: 0
      objectReference: {fileID: 0}
    - target: {fileID: 6342615621235323646, guid: fbd6482b7b120ce4bbc1040a1a04524d,
        type: 3}
      propertyPath: m_LocalScale.y
      value: 5
      objectReference: {fileID: 0}
    m_RemovedComponents: []
  m_SourcePrefab: {fileID: 100100000, guid: fbd6482b7b120ce4bbc1040a1a04524d, type: 3}
--- !u!4 &7596953227865746284 stripped
Transform:
  m_CorrespondingSourceObject: {fileID: 6342615621235323646, guid: fbd6482b7b120ce4bbc1040a1a04524d,
    type: 3}
  m_PrefabInstance: {fileID: 3560293384522488210}
  m_PrefabAsset: {fileID: 0}
--- !u!1001 &3565060596029704174
PrefabInstance:
  m_ObjectHideFlags: 0
  serializedVersion: 2
  m_Modification:
    m_TransformParent: {fileID: 6444327419075311141}
    m_Modifications:
    - target: {fileID: 2491353189026878990, guid: fbd6482b7b120ce4bbc1040a1a04524d,
        type: 3}
      propertyPath: m_Name
      value: Cube (7)
      objectReference: {fileID: 0}
    - target: {fileID: 6342615621235323646, guid: fbd6482b7b120ce4bbc1040a1a04524d,
        type: 3}
      propertyPath: m_LocalPosition.x
      value: -4.976086
      objectReference: {fileID: 0}
    - target: {fileID: 6342615621235323646, guid: fbd6482b7b120ce4bbc1040a1a04524d,
        type: 3}
      propertyPath: m_LocalPosition.y
      value: 2.5
      objectReference: {fileID: 0}
    - target: {fileID: 6342615621235323646, guid: fbd6482b7b120ce4bbc1040a1a04524d,
        type: 3}
      propertyPath: m_LocalPosition.z
      value: 7.3656263
      objectReference: {fileID: 0}
    - target: {fileID: 6342615621235323646, guid: fbd6482b7b120ce4bbc1040a1a04524d,
        type: 3}
      propertyPath: m_LocalRotation.x
      value: 0
      objectReference: {fileID: 0}
    - target: {fileID: 6342615621235323646, guid: fbd6482b7b120ce4bbc1040a1a04524d,
        type: 3}
      propertyPath: m_LocalRotation.y
      value: 1
      objectReference: {fileID: 0}
    - target: {fileID: 6342615621235323646, guid: fbd6482b7b120ce4bbc1040a1a04524d,
        type: 3}
      propertyPath: m_LocalRotation.z
      value: 0
      objectReference: {fileID: 0}
    - target: {fileID: 6342615621235323646, guid: fbd6482b7b120ce4bbc1040a1a04524d,
        type: 3}
      propertyPath: m_LocalRotation.w
      value: 0
      objectReference: {fileID: 0}
    - target: {fileID: 6342615621235323646, guid: fbd6482b7b120ce4bbc1040a1a04524d,
        type: 3}
      propertyPath: m_RootOrder
      value: 8
      objectReference: {fileID: 0}
    - target: {fileID: 6342615621235323646, guid: fbd6482b7b120ce4bbc1040a1a04524d,
        type: 3}
      propertyPath: m_LocalEulerAnglesHint.x
      value: 0
      objectReference: {fileID: 0}
    - target: {fileID: 6342615621235323646, guid: fbd6482b7b120ce4bbc1040a1a04524d,
        type: 3}
      propertyPath: m_LocalEulerAnglesHint.y
      value: 180
      objectReference: {fileID: 0}
    - target: {fileID: 6342615621235323646, guid: fbd6482b7b120ce4bbc1040a1a04524d,
        type: 3}
      propertyPath: m_LocalEulerAnglesHint.z
      value: 0
      objectReference: {fileID: 0}
    - target: {fileID: 6342615621235323646, guid: fbd6482b7b120ce4bbc1040a1a04524d,
        type: 3}
      propertyPath: m_LocalScale.y
      value: 5
      objectReference: {fileID: 0}
    m_RemovedComponents: []
  m_SourcePrefab: {fileID: 100100000, guid: fbd6482b7b120ce4bbc1040a1a04524d, type: 3}
--- !u!4 &7601193214703629584 stripped
Transform:
  m_CorrespondingSourceObject: {fileID: 6342615621235323646, guid: fbd6482b7b120ce4bbc1040a1a04524d,
    type: 3}
  m_PrefabInstance: {fileID: 3565060596029704174}
  m_PrefabAsset: {fileID: 0}
--- !u!1001 &3788962936656398986
PrefabInstance:
  m_ObjectHideFlags: 0
  serializedVersion: 2
  m_Modification:
    m_TransformParent: {fileID: 6444327419075311141}
    m_Modifications:
    - target: {fileID: 2491353189026878990, guid: fbd6482b7b120ce4bbc1040a1a04524d,
        type: 3}
      propertyPath: m_Name
      value: Cube (1)
      objectReference: {fileID: 0}
    - target: {fileID: 6342615621235323646, guid: fbd6482b7b120ce4bbc1040a1a04524d,
        type: 3}
      propertyPath: m_LocalPosition.x
      value: -2.7
      objectReference: {fileID: 0}
    - target: {fileID: 6342615621235323646, guid: fbd6482b7b120ce4bbc1040a1a04524d,
        type: 3}
      propertyPath: m_LocalPosition.y
      value: 2.5
      objectReference: {fileID: 0}
    - target: {fileID: 6342615621235323646, guid: fbd6482b7b120ce4bbc1040a1a04524d,
        type: 3}
      propertyPath: m_LocalPosition.z
      value: -4.0832157
      objectReference: {fileID: 0}
    - target: {fileID: 6342615621235323646, guid: fbd6482b7b120ce4bbc1040a1a04524d,
        type: 3}
      propertyPath: m_LocalRotation.x
      value: -0
      objectReference: {fileID: 0}
    - target: {fileID: 6342615621235323646, guid: fbd6482b7b120ce4bbc1040a1a04524d,
        type: 3}
      propertyPath: m_LocalRotation.y
      value: -0
      objectReference: {fileID: 0}
    - target: {fileID: 6342615621235323646, guid: fbd6482b7b120ce4bbc1040a1a04524d,
        type: 3}
      propertyPath: m_LocalRotation.z
      value: -0
      objectReference: {fileID: 0}
    - target: {fileID: 6342615621235323646, guid: fbd6482b7b120ce4bbc1040a1a04524d,
        type: 3}
      propertyPath: m_LocalRotation.w
      value: 1
      objectReference: {fileID: 0}
    - target: {fileID: 6342615621235323646, guid: fbd6482b7b120ce4bbc1040a1a04524d,
        type: 3}
      propertyPath: m_RootOrder
      value: 2
      objectReference: {fileID: 0}
    - target: {fileID: 6342615621235323646, guid: fbd6482b7b120ce4bbc1040a1a04524d,
        type: 3}
      propertyPath: m_LocalEulerAnglesHint.x
      value: 0
      objectReference: {fileID: 0}
    - target: {fileID: 6342615621235323646, guid: fbd6482b7b120ce4bbc1040a1a04524d,
        type: 3}
      propertyPath: m_LocalEulerAnglesHint.y
      value: 0
      objectReference: {fileID: 0}
    - target: {fileID: 6342615621235323646, guid: fbd6482b7b120ce4bbc1040a1a04524d,
        type: 3}
      propertyPath: m_LocalEulerAnglesHint.z
      value: 0
      objectReference: {fileID: 0}
    - target: {fileID: 6342615621235323646, guid: fbd6482b7b120ce4bbc1040a1a04524d,
        type: 3}
      propertyPath: m_LocalScale.y
      value: 5
      objectReference: {fileID: 0}
    m_RemovedComponents: []
  m_SourcePrefab: {fileID: 100100000, guid: fbd6482b7b120ce4bbc1040a1a04524d, type: 3}
--- !u!4 &7822865780295710836 stripped
Transform:
  m_CorrespondingSourceObject: {fileID: 6342615621235323646, guid: fbd6482b7b120ce4bbc1040a1a04524d,
    type: 3}
  m_PrefabInstance: {fileID: 3788962936656398986}
  m_PrefabAsset: {fileID: 0}
--- !u!1001 &5564432072124829201
PrefabInstance:
  m_ObjectHideFlags: 0
  serializedVersion: 2
  m_Modification:
    m_TransformParent: {fileID: 6444327419075311141}
    m_Modifications:
    - target: {fileID: 2491353189026878990, guid: fbd6482b7b120ce4bbc1040a1a04524d,
        type: 3}
      propertyPath: m_Name
      value: Cube
      objectReference: {fileID: 0}
    - target: {fileID: 6342615621235323646, guid: fbd6482b7b120ce4bbc1040a1a04524d,
        type: 3}
      propertyPath: m_LocalPosition.x
      value: 2.7
      objectReference: {fileID: 0}
    - target: {fileID: 6342615621235323646, guid: fbd6482b7b120ce4bbc1040a1a04524d,
        type: 3}
      propertyPath: m_LocalPosition.y
      value: 2.5
      objectReference: {fileID: 0}
    - target: {fileID: 6342615621235323646, guid: fbd6482b7b120ce4bbc1040a1a04524d,
        type: 3}
      propertyPath: m_LocalPosition.z
      value: -4.0832157
      objectReference: {fileID: 0}
    - target: {fileID: 6342615621235323646, guid: fbd6482b7b120ce4bbc1040a1a04524d,
        type: 3}
      propertyPath: m_LocalRotation.x
      value: -0
      objectReference: {fileID: 0}
    - target: {fileID: 6342615621235323646, guid: fbd6482b7b120ce4bbc1040a1a04524d,
        type: 3}
      propertyPath: m_LocalRotation.y
      value: -0
      objectReference: {fileID: 0}
    - target: {fileID: 6342615621235323646, guid: fbd6482b7b120ce4bbc1040a1a04524d,
        type: 3}
      propertyPath: m_LocalRotation.z
      value: -0
      objectReference: {fileID: 0}
    - target: {fileID: 6342615621235323646, guid: fbd6482b7b120ce4bbc1040a1a04524d,
        type: 3}
      propertyPath: m_LocalRotation.w
      value: 1
      objectReference: {fileID: 0}
    - target: {fileID: 6342615621235323646, guid: fbd6482b7b120ce4bbc1040a1a04524d,
        type: 3}
      propertyPath: m_RootOrder
      value: 1
      objectReference: {fileID: 0}
    - target: {fileID: 6342615621235323646, guid: fbd6482b7b120ce4bbc1040a1a04524d,
        type: 3}
      propertyPath: m_LocalEulerAnglesHint.x
      value: 0
      objectReference: {fileID: 0}
    - target: {fileID: 6342615621235323646, guid: fbd6482b7b120ce4bbc1040a1a04524d,
        type: 3}
      propertyPath: m_LocalEulerAnglesHint.y
      value: 0
      objectReference: {fileID: 0}
    - target: {fileID: 6342615621235323646, guid: fbd6482b7b120ce4bbc1040a1a04524d,
        type: 3}
      propertyPath: m_LocalEulerAnglesHint.z
      value: 0
      objectReference: {fileID: 0}
    - target: {fileID: 6342615621235323646, guid: fbd6482b7b120ce4bbc1040a1a04524d,
        type: 3}
      propertyPath: m_LocalScale.y
      value: 5
      objectReference: {fileID: 0}
    m_RemovedComponents: []
  m_SourcePrefab: {fileID: 100100000, guid: fbd6482b7b120ce4bbc1040a1a04524d, type: 3}
--- !u!4 &1530566577439227119 stripped
Transform:
  m_CorrespondingSourceObject: {fileID: 6342615621235323646, guid: fbd6482b7b120ce4bbc1040a1a04524d,
    type: 3}
  m_PrefabInstance: {fileID: 5564432072124829201}
  m_PrefabAsset: {fileID: 0}
--- !u!1001 &5653137966235165355
PrefabInstance:
  m_ObjectHideFlags: 0
  serializedVersion: 2
  m_Modification:
    m_TransformParent: {fileID: 6444327419075311141}
    m_Modifications:
    - target: {fileID: 2491353189026878990, guid: fbd6482b7b120ce4bbc1040a1a04524d,
        type: 3}
      propertyPath: m_Name
      value: Cube (3)
      objectReference: {fileID: 0}
    - target: {fileID: 6342615621235323646, guid: fbd6482b7b120ce4bbc1040a1a04524d,
        type: 3}
      propertyPath: m_LocalPosition.x
      value: 4.95
      objectReference: {fileID: 0}
    - target: {fileID: 6342615621235323646, guid: fbd6482b7b120ce4bbc1040a1a04524d,
        type: 3}
      propertyPath: m_LocalPosition.y
      value: 2.5
      objectReference: {fileID: 0}
    - target: {fileID: 6342615621235323646, guid: fbd6482b7b120ce4bbc1040a1a04524d,
        type: 3}
      propertyPath: m_LocalPosition.z
      value: -1.08
      objectReference: {fileID: 0}
    - target: {fileID: 6342615621235323646, guid: fbd6482b7b120ce4bbc1040a1a04524d,
        type: 3}
      propertyPath: m_LocalRotation.x
      value: -0
      objectReference: {fileID: 0}
    - target: {fileID: 6342615621235323646, guid: fbd6482b7b120ce4bbc1040a1a04524d,
        type: 3}
      propertyPath: m_LocalRotation.y
      value: -0
      objectReference: {fileID: 0}
    - target: {fileID: 6342615621235323646, guid: fbd6482b7b120ce4bbc1040a1a04524d,
        type: 3}
      propertyPath: m_LocalRotation.z
      value: -0
      objectReference: {fileID: 0}
    - target: {fileID: 6342615621235323646, guid: fbd6482b7b120ce4bbc1040a1a04524d,
        type: 3}
      propertyPath: m_LocalRotation.w
      value: 1
      objectReference: {fileID: 0}
    - target: {fileID: 6342615621235323646, guid: fbd6482b7b120ce4bbc1040a1a04524d,
        type: 3}
      propertyPath: m_RootOrder
      value: 4
      objectReference: {fileID: 0}
    - target: {fileID: 6342615621235323646, guid: fbd6482b7b120ce4bbc1040a1a04524d,
        type: 3}
      propertyPath: m_LocalEulerAnglesHint.x
      value: 0
      objectReference: {fileID: 0}
    - target: {fileID: 6342615621235323646, guid: fbd6482b7b120ce4bbc1040a1a04524d,
        type: 3}
      propertyPath: m_LocalEulerAnglesHint.y
      value: 0
      objectReference: {fileID: 0}
    - target: {fileID: 6342615621235323646, guid: fbd6482b7b120ce4bbc1040a1a04524d,
        type: 3}
      propertyPath: m_LocalEulerAnglesHint.z
      value: 0
      objectReference: {fileID: 0}
    - target: {fileID: 6342615621235323646, guid: fbd6482b7b120ce4bbc1040a1a04524d,
        type: 3}
      propertyPath: m_LocalScale.y
      value: 5
      objectReference: {fileID: 0}
    m_RemovedComponents: []
  m_SourcePrefab: {fileID: 100100000, guid: fbd6482b7b120ce4bbc1040a1a04524d, type: 3}
--- !u!4 &1618626573159338069 stripped
Transform:
  m_CorrespondingSourceObject: {fileID: 6342615621235323646, guid: fbd6482b7b120ce4bbc1040a1a04524d,
    type: 3}
  m_PrefabInstance: {fileID: 5653137966235165355}
  m_PrefabAsset: {fileID: 0}
--- !u!1001 &5753358064667955404
PrefabInstance:
  m_ObjectHideFlags: 0
  serializedVersion: 2
  m_Modification:
    m_TransformParent: {fileID: 6444327419075311141}
    m_Modifications:
    - target: {fileID: 2491353189026878990, guid: fbd6482b7b120ce4bbc1040a1a04524d,
        type: 3}
      propertyPath: m_Name
      value: Cube (4)
      objectReference: {fileID: 0}
    - target: {fileID: 6342615621235323646, guid: fbd6482b7b120ce4bbc1040a1a04524d,
        type: 3}
      propertyPath: m_LocalPosition.x
      value: -2.6726954
      objectReference: {fileID: 0}
    - target: {fileID: 6342615621235323646, guid: fbd6482b7b120ce4bbc1040a1a04524d,
        type: 3}
      propertyPath: m_LocalPosition.y
      value: 2.5
      objectReference: {fileID: 0}
    - target: {fileID: 6342615621235323646, guid: fbd6482b7b120ce4bbc1040a1a04524d,
        type: 3}
      propertyPath: m_LocalPosition.z
      value: 10.328088
      objectReference: {fileID: 0}
    - target: {fileID: 6342615621235323646, guid: fbd6482b7b120ce4bbc1040a1a04524d,
        type: 3}
      propertyPath: m_LocalRotation.x
      value: 0
      objectReference: {fileID: 0}
    - target: {fileID: 6342615621235323646, guid: fbd6482b7b120ce4bbc1040a1a04524d,
        type: 3}
      propertyPath: m_LocalRotation.y
      value: 1
      objectReference: {fileID: 0}
    - target: {fileID: 6342615621235323646, guid: fbd6482b7b120ce4bbc1040a1a04524d,
        type: 3}
      propertyPath: m_LocalRotation.z
      value: 0
      objectReference: {fileID: 0}
    - target: {fileID: 6342615621235323646, guid: fbd6482b7b120ce4bbc1040a1a04524d,
        type: 3}
      propertyPath: m_LocalRotation.w
      value: 0
      objectReference: {fileID: 0}
    - target: {fileID: 6342615621235323646, guid: fbd6482b7b120ce4bbc1040a1a04524d,
        type: 3}
      propertyPath: m_RootOrder
      value: 5
      objectReference: {fileID: 0}
    - target: {fileID: 6342615621235323646, guid: fbd6482b7b120ce4bbc1040a1a04524d,
        type: 3}
      propertyPath: m_LocalEulerAnglesHint.x
      value: 0
      objectReference: {fileID: 0}
    - target: {fileID: 6342615621235323646, guid: fbd6482b7b120ce4bbc1040a1a04524d,
        type: 3}
      propertyPath: m_LocalEulerAnglesHint.y
      value: 180
      objectReference: {fileID: 0}
    - target: {fileID: 6342615621235323646, guid: fbd6482b7b120ce4bbc1040a1a04524d,
        type: 3}
      propertyPath: m_LocalEulerAnglesHint.z
      value: 0
      objectReference: {fileID: 0}
    - target: {fileID: 6342615621235323646, guid: fbd6482b7b120ce4bbc1040a1a04524d,
        type: 3}
      propertyPath: m_LocalScale.y
      value: 5
      objectReference: {fileID: 0}
    m_RemovedComponents: []
  m_SourcePrefab: {fileID: 100100000, guid: fbd6482b7b120ce4bbc1040a1a04524d, type: 3}
--- !u!4 &1719662440250778162 stripped
Transform:
  m_CorrespondingSourceObject: {fileID: 6342615621235323646, guid: fbd6482b7b120ce4bbc1040a1a04524d,
    type: 3}
  m_PrefabInstance: {fileID: 5753358064667955404}
  m_PrefabAsset: {fileID: 0}
--- !u!1001 &5960155076207756983
PrefabInstance:
  m_ObjectHideFlags: 0
  serializedVersion: 2
  m_Modification:
    m_TransformParent: {fileID: 6444327419075311141}
    m_Modifications:
    - target: {fileID: 4677646420744902533, guid: 92a936b217c464a4ca3da0075cd7cf4a,
        type: 3}
      propertyPath: m_Name
      value: LoseCube (2)
      objectReference: {fileID: 0}
    - target: {fileID: 4677646420744902553, guid: 92a936b217c464a4ca3da0075cd7cf4a,
        type: 3}
      propertyPath: m_LocalPosition.x
      value: 8
      objectReference: {fileID: 0}
    - target: {fileID: 4677646420744902553, guid: 92a936b217c464a4ca3da0075cd7cf4a,
        type: 3}
      propertyPath: m_LocalPosition.y
      value: 2
      objectReference: {fileID: 0}
    - target: {fileID: 4677646420744902553, guid: 92a936b217c464a4ca3da0075cd7cf4a,
        type: 3}
      propertyPath: m_LocalPosition.z
      value: 3.2
      objectReference: {fileID: 0}
    - target: {fileID: 4677646420744902553, guid: 92a936b217c464a4ca3da0075cd7cf4a,
        type: 3}
      propertyPath: m_LocalRotation.x
      value: -0
      objectReference: {fileID: 0}
    - target: {fileID: 4677646420744902553, guid: 92a936b217c464a4ca3da0075cd7cf4a,
        type: 3}
      propertyPath: m_LocalRotation.y
      value: -0
      objectReference: {fileID: 0}
    - target: {fileID: 4677646420744902553, guid: 92a936b217c464a4ca3da0075cd7cf4a,
        type: 3}
      propertyPath: m_LocalRotation.z
      value: -0
      objectReference: {fileID: 0}
    - target: {fileID: 4677646420744902553, guid: 92a936b217c464a4ca3da0075cd7cf4a,
        type: 3}
      propertyPath: m_LocalRotation.w
      value: 1
      objectReference: {fileID: 0}
    - target: {fileID: 4677646420744902553, guid: 92a936b217c464a4ca3da0075cd7cf4a,
        type: 3}
      propertyPath: m_RootOrder
      value: 10
      objectReference: {fileID: 0}
    - target: {fileID: 4677646420744902553, guid: 92a936b217c464a4ca3da0075cd7cf4a,
        type: 3}
      propertyPath: m_LocalEulerAnglesHint.x
      value: 0
      objectReference: {fileID: 0}
    - target: {fileID: 4677646420744902553, guid: 92a936b217c464a4ca3da0075cd7cf4a,
        type: 3}
      propertyPath: m_LocalEulerAnglesHint.y
      value: 0
      objectReference: {fileID: 0}
    - target: {fileID: 4677646420744902553, guid: 92a936b217c464a4ca3da0075cd7cf4a,
        type: 3}
      propertyPath: m_LocalEulerAnglesHint.z
      value: 0
      objectReference: {fileID: 0}
    - target: {fileID: 4677646420744902553, guid: 92a936b217c464a4ca3da0075cd7cf4a,
        type: 3}
      propertyPath: m_LocalScale.x
      value: 1.5
      objectReference: {fileID: 0}
    - target: {fileID: 4677646420744902553, guid: 92a936b217c464a4ca3da0075cd7cf4a,
        type: 3}
      propertyPath: m_LocalScale.z
      value: 1.5
      objectReference: {fileID: 0}
    - target: {fileID: 4677646420744902553, guid: 92a936b217c464a4ca3da0075cd7cf4a,
        type: 3}
      propertyPath: m_LocalScale.y
      value: 4
      objectReference: {fileID: 0}
    m_RemovedComponents: []
  m_SourcePrefab: {fileID: 100100000, guid: 92a936b217c464a4ca3da0075cd7cf4a, type: 3}
--- !u!4 &1323196085542998318 stripped
Transform:
  m_CorrespondingSourceObject: {fileID: 4677646420744902553, guid: 92a936b217c464a4ca3da0075cd7cf4a,
    type: 3}
  m_PrefabInstance: {fileID: 5960155076207756983}
  m_PrefabAsset: {fileID: 0}
--- !u!1001 &6799821926024256547
PrefabInstance:
  m_ObjectHideFlags: 0
  serializedVersion: 2
  m_Modification:
    m_TransformParent: {fileID: 6444327419075311141}
    m_Modifications:
    - target: {fileID: 4677646420744902533, guid: 92a936b217c464a4ca3da0075cd7cf4a,
        type: 3}
      propertyPath: m_Name
      value: LoseCube (1)
      objectReference: {fileID: 0}
    - target: {fileID: 4677646420744902553, guid: 92a936b217c464a4ca3da0075cd7cf4a,
        type: 3}
      propertyPath: m_LocalPosition.x
      value: -8
      objectReference: {fileID: 0}
    - target: {fileID: 4677646420744902553, guid: 92a936b217c464a4ca3da0075cd7cf4a,
        type: 3}
      propertyPath: m_LocalPosition.y
      value: 2
      objectReference: {fileID: 0}
    - target: {fileID: 4677646420744902553, guid: 92a936b217c464a4ca3da0075cd7cf4a,
        type: 3}
      propertyPath: m_LocalPosition.z
      value: 3.2
      objectReference: {fileID: 0}
    - target: {fileID: 4677646420744902553, guid: 92a936b217c464a4ca3da0075cd7cf4a,
        type: 3}
      propertyPath: m_LocalRotation.x
      value: -0
      objectReference: {fileID: 0}
    - target: {fileID: 4677646420744902553, guid: 92a936b217c464a4ca3da0075cd7cf4a,
        type: 3}
      propertyPath: m_LocalRotation.y
      value: -0
      objectReference: {fileID: 0}
    - target: {fileID: 4677646420744902553, guid: 92a936b217c464a4ca3da0075cd7cf4a,
        type: 3}
      propertyPath: m_LocalRotation.z
      value: -0
      objectReference: {fileID: 0}
    - target: {fileID: 4677646420744902553, guid: 92a936b217c464a4ca3da0075cd7cf4a,
        type: 3}
      propertyPath: m_LocalRotation.w
      value: 1
      objectReference: {fileID: 0}
    - target: {fileID: 4677646420744902553, guid: 92a936b217c464a4ca3da0075cd7cf4a,
        type: 3}
      propertyPath: m_RootOrder
      value: 9
      objectReference: {fileID: 0}
    - target: {fileID: 4677646420744902553, guid: 92a936b217c464a4ca3da0075cd7cf4a,
        type: 3}
      propertyPath: m_LocalEulerAnglesHint.x
      value: 0
      objectReference: {fileID: 0}
    - target: {fileID: 4677646420744902553, guid: 92a936b217c464a4ca3da0075cd7cf4a,
        type: 3}
      propertyPath: m_LocalEulerAnglesHint.y
      value: 0
      objectReference: {fileID: 0}
    - target: {fileID: 4677646420744902553, guid: 92a936b217c464a4ca3da0075cd7cf4a,
        type: 3}
      propertyPath: m_LocalEulerAnglesHint.z
      value: 0
      objectReference: {fileID: 0}
    - target: {fileID: 4677646420744902553, guid: 92a936b217c464a4ca3da0075cd7cf4a,
        type: 3}
      propertyPath: m_LocalScale.x
      value: 1.5
      objectReference: {fileID: 0}
    - target: {fileID: 4677646420744902553, guid: 92a936b217c464a4ca3da0075cd7cf4a,
        type: 3}
      propertyPath: m_LocalScale.z
      value: 1.5
      objectReference: {fileID: 0}
    - target: {fileID: 4677646420744902553, guid: 92a936b217c464a4ca3da0075cd7cf4a,
        type: 3}
      propertyPath: m_LocalScale.y
      value: 4
      objectReference: {fileID: 0}
    m_RemovedComponents: []
  m_SourcePrefab: {fileID: 100100000, guid: 92a936b217c464a4ca3da0075cd7cf4a, type: 3}
--- !u!4 &2213383569604479930 stripped
Transform:
  m_CorrespondingSourceObject: {fileID: 4677646420744902553, guid: 92a936b217c464a4ca3da0075cd7cf4a,
    type: 3}
  m_PrefabInstance: {fileID: 6799821926024256547}
  m_PrefabAsset: {fileID: 0}
--- !u!1001 &7396290663924014651
PrefabInstance:
  m_ObjectHideFlags: 0
  serializedVersion: 2
  m_Modification:
    m_TransformParent: {fileID: 6444327419075311141}
    m_Modifications:
    - target: {fileID: 4677646420744902533, guid: 92a936b217c464a4ca3da0075cd7cf4a,
        type: 3}
      propertyPath: m_Name
      value: LoseCube
      objectReference: {fileID: 0}
    - target: {fileID: 4677646420744902553, guid: 92a936b217c464a4ca3da0075cd7cf4a,
        type: 3}
      propertyPath: m_LocalPosition.x
      value: 0.11
      objectReference: {fileID: 0}
    - target: {fileID: 4677646420744902553, guid: 92a936b217c464a4ca3da0075cd7cf4a,
        type: 3}
      propertyPath: m_LocalPosition.y
      value: 0.75
      objectReference: {fileID: 0}
    - target: {fileID: 4677646420744902553, guid: 92a936b217c464a4ca3da0075cd7cf4a,
        type: 3}
      propertyPath: m_LocalPosition.z
      value: 15.27
      objectReference: {fileID: 0}
    - target: {fileID: 4677646420744902553, guid: 92a936b217c464a4ca3da0075cd7cf4a,
        type: 3}
      propertyPath: m_LocalRotation.x
      value: -0
      objectReference: {fileID: 0}
    - target: {fileID: 4677646420744902553, guid: 92a936b217c464a4ca3da0075cd7cf4a,
        type: 3}
      propertyPath: m_LocalRotation.y
      value: -0
      objectReference: {fileID: 0}
    - target: {fileID: 4677646420744902553, guid: 92a936b217c464a4ca3da0075cd7cf4a,
        type: 3}
      propertyPath: m_LocalRotation.z
      value: -0
      objectReference: {fileID: 0}
    - target: {fileID: 4677646420744902553, guid: 92a936b217c464a4ca3da0075cd7cf4a,
        type: 3}
      propertyPath: m_LocalRotation.w
      value: 1
      objectReference: {fileID: 0}
    - target: {fileID: 4677646420744902553, guid: 92a936b217c464a4ca3da0075cd7cf4a,
        type: 3}
      propertyPath: m_RootOrder
      value: 0
      objectReference: {fileID: 0}
    - target: {fileID: 4677646420744902553, guid: 92a936b217c464a4ca3da0075cd7cf4a,
        type: 3}
      propertyPath: m_LocalEulerAnglesHint.x
      value: 0
      objectReference: {fileID: 0}
    - target: {fileID: 4677646420744902553, guid: 92a936b217c464a4ca3da0075cd7cf4a,
        type: 3}
      propertyPath: m_LocalEulerAnglesHint.y
      value: 0
      objectReference: {fileID: 0}
    - target: {fileID: 4677646420744902553, guid: 92a936b217c464a4ca3da0075cd7cf4a,
        type: 3}
      propertyPath: m_LocalEulerAnglesHint.z
      value: 0
      objectReference: {fileID: 0}
    - target: {fileID: 4677646420744902553, guid: 92a936b217c464a4ca3da0075cd7cf4a,
        type: 3}
      propertyPath: m_LocalScale.x
      value: 2
      objectReference: {fileID: 0}
    - target: {fileID: 4677646420744902553, guid: 92a936b217c464a4ca3da0075cd7cf4a,
        type: 3}
      propertyPath: m_LocalScale.z
      value: 2
      objectReference: {fileID: 0}
    m_RemovedComponents: []
  m_SourcePrefab: {fileID: 100100000, guid: 92a936b217c464a4ca3da0075cd7cf4a, type: 3}
--- !u!4 &2760338823657949602 stripped
Transform:
  m_CorrespondingSourceObject: {fileID: 4677646420744902553, guid: 92a936b217c464a4ca3da0075cd7cf4a,
    type: 3}
  m_PrefabInstance: {fileID: 7396290663924014651}
  m_PrefabAsset: {fileID: 0}
--- !u!1001 &8192032610921599208
PrefabInstance:
  m_ObjectHideFlags: 0
  serializedVersion: 2
  m_Modification:
    m_TransformParent: {fileID: 6444327419075311141}
    m_Modifications:
    - target: {fileID: 2491353189026878990, guid: fbd6482b7b120ce4bbc1040a1a04524d,
        type: 3}
      propertyPath: m_Name
      value: Cube (5)
      objectReference: {fileID: 0}
    - target: {fileID: 6342615621235323646, guid: fbd6482b7b120ce4bbc1040a1a04524d,
        type: 3}
      propertyPath: m_LocalPosition.x
      value: 2.726449
      objectReference: {fileID: 0}
    - target: {fileID: 6342615621235323646, guid: fbd6482b7b120ce4bbc1040a1a04524d,
        type: 3}
      propertyPath: m_LocalPosition.y
      value: 2.5
      objectReference: {fileID: 0}
    - target: {fileID: 6342615621235323646, guid: fbd6482b7b120ce4bbc1040a1a04524d,
        type: 3}
      propertyPath: m_LocalPosition.z
      value: 10.231434
      objectReference: {fileID: 0}
    - target: {fileID: 6342615621235323646, guid: fbd6482b7b120ce4bbc1040a1a04524d,
        type: 3}
      propertyPath: m_LocalRotation.x
      value: 0
      objectReference: {fileID: 0}
    - target: {fileID: 6342615621235323646, guid: fbd6482b7b120ce4bbc1040a1a04524d,
        type: 3}
      propertyPath: m_LocalRotation.y
      value: 1
      objectReference: {fileID: 0}
    - target: {fileID: 6342615621235323646, guid: fbd6482b7b120ce4bbc1040a1a04524d,
        type: 3}
      propertyPath: m_LocalRotation.z
      value: 0
      objectReference: {fileID: 0}
    - target: {fileID: 6342615621235323646, guid: fbd6482b7b120ce4bbc1040a1a04524d,
        type: 3}
      propertyPath: m_LocalRotation.w
      value: 0
      objectReference: {fileID: 0}
    - target: {fileID: 6342615621235323646, guid: fbd6482b7b120ce4bbc1040a1a04524d,
        type: 3}
      propertyPath: m_RootOrder
      value: 6
      objectReference: {fileID: 0}
    - target: {fileID: 6342615621235323646, guid: fbd6482b7b120ce4bbc1040a1a04524d,
        type: 3}
      propertyPath: m_LocalEulerAnglesHint.x
      value: 0
      objectReference: {fileID: 0}
    - target: {fileID: 6342615621235323646, guid: fbd6482b7b120ce4bbc1040a1a04524d,
        type: 3}
      propertyPath: m_LocalEulerAnglesHint.y
      value: 180
      objectReference: {fileID: 0}
    - target: {fileID: 6342615621235323646, guid: fbd6482b7b120ce4bbc1040a1a04524d,
        type: 3}
      propertyPath: m_LocalEulerAnglesHint.z
      value: 0
      objectReference: {fileID: 0}
    - target: {fileID: 6342615621235323646, guid: fbd6482b7b120ce4bbc1040a1a04524d,
        type: 3}
      propertyPath: m_LocalScale.y
      value: 5
      objectReference: {fileID: 0}
    m_RemovedComponents: []
  m_SourcePrefab: {fileID: 100100000, guid: fbd6482b7b120ce4bbc1040a1a04524d, type: 3}
--- !u!4 &3002367184962249238 stripped
Transform:
  m_CorrespondingSourceObject: {fileID: 6342615621235323646, guid: fbd6482b7b120ce4bbc1040a1a04524d,
    type: 3}
  m_PrefabInstance: {fileID: 8192032610921599208}
  m_PrefabAsset: {fileID: 0}
